@article{Mcclave2009,
	author = {McClave, Stephen A. and Martindale, Robert G. and Vanek, Vincent W. and McCarthy, Mary and Roberts, Pamela and Taylor, Beth and Ochoa, Juan B. and Napolitano, Lena and Cresci, Gail},
	doi = {10.1177/0148607109335234},
	issn = {0148-6071, 1941-2444},
	journal = {Journal of Parenteral and Enteral Nutrition},
	language = {en},
	number = 3,
	pages = {277-316},
	shorttitle = {Guidelines for the Provision and Assessment of Nutrition Support Therapy in the Adult Critically Ill Patient},
	title = {Guidelines for the Provision and Assessment of Nutrition Support Therapy in the Adult Critically Ill Patient: Society of Critical Care Medicine ({SCCM}) and American Society for Parenteral and Enteral Nutrition ({A.S.P.E.N.})},
	volume = 33,
	year = 2009
}

@article{Singer2009,
	author = {Singer, Pierre and Berger, Mette M. and Van den Berghe, Greet and Biolo, Gianni and Calder, Philip and Forbes, Alastair and Griffiths, Richard and Kreyman, Georg and Leverve, Xavier and Pichard, Claude},
	doi = {10.1016/j.clnu.2009.04.024},
	issn = {0261-5614},
	journal = {Clinical Nutrition},
	language = {English},
	number = 4,
	pages = {387-400},
	shorttitle = {ESPEN Guidelines on Parenteral Nutrition},
	title = {ESPEN Guidelines on Parenteral Nutrition: Intensive care},
	volume = 28,
	year = 2009
}

@article{Heyland2011,
	author = {Heyland, Daren K. and Cahill, Naomi and Day, Andrew G.},
	doi = {10.1097/CCM.0b013e318226641d},
	issn = {0090-3493},
	journal = {Critical Care Medicine},
	number = 39,
	pages = {2619-2626},
	title = {Optimal amount of calories for critically ill patients: Depends on how you slice the cake!},
	year = 2011
}

@article{Friedman1982,
	author = {Friedman, Michael},
	issn = 00905364,
	journal = {The Annals of Statistics},
	number = 1,
	pages = {101-113},
	title = {Piecewise Exponential Models for Survival Data with Covariates},
	volume = 10,
	year = 1982
}

@article{Berhane2008,
	author = {Berhane, Kiros and Hauptmann, Michael and Langholz, Bryan},
	copyright = {Copyright © 2008 John Wiley \& Sons, Ltd.},
	doi = {10.1002/sim.3354},
	issn = {1097-0258},
	journal = {Statistics in Medicine},
	language = {en},
	number = 26,
	pages = {5484-5496},
	shorttitle = {Using tensor product splines in modeling exposure-time-response relationships},
	title = {Using tensor product splines in modeling exposure-time-response relationships: Application to the Colorado Plateau Uranium Miners cohort},
	volume = 27,
	year = 2008
}

@article{Thomas1988,
	author = {Thomas, D C},
	doi = {10.1146/annurev.pu.09.050188.002315},
	journal = {Annual Review of Public Health},
	number = 1,
	pages = {451-482},
	title = {Models for Exposure-Time-Response Relationships with Applications to Cancer Epidemiology},
	volume = 9,
	year = 1988
}

@article{Holford1980,
	author = {Holford, Theodore R.},
	doi = {10.2307/2529982},
	issn = {0006341X},
	journal = {Biometrics},
	number = 2,
	pages = {299-305},
	title = {The Analysis of Rates and of Survivorship Using Log-Linear Models},
	volume = 36,
	year = 1980
}

@article{Sylvestre2009,
	author = {Sylvestre, Marie-Pierre and Abrahamowicz, Michal},
	copyright = {Copyright © 2009 John Wiley \& Sons, Ltd.},
	doi = {10.1002/sim.3701},
	issn = {1097-0258},
	journal = {Statistics in Medicine},
	language = {en},
	number = 27,
	pages = {3437-3453},
	title = {Flexible modeling of the cumulative effects of time-dependent exposures on the hazard},
	volume = 28,
	year = 2009
}

@article{Berger2012,
	author = {Berger, Mette M. and Pichard, Claude},
	copyright = {2012 Springer-Verlag Berlin Heidelberg.},
	doi = {10.1186/cc11229},
	issn = {1364-8535},
	journal = {Critical Care},
	language = {en},
	number = 2,
	pages = 215,
	title = {Best timing for energy provision during critical illness},
	volume = 16,
	year = 2012
}

@article{Laird1981,
	author = {Laird, Nan and Olivier, Donald},
	doi = {10.2307/2287816},
	journal = {Journal of the American Statistical Association},
	number = 374,
	pages = {231-240},
	title = {Covariance Analysis of Censored Survival Data Using Log-Linear Analysis Techniques},
	volume = 76,
	year = 1981
}

@article{Gasparrini2014,
	author = {Gasparrini, Antonio},
	copyright = {© 2013 The Authors. Statistics in Medicine published by John Wiley \& Sons, Ltd., This is an open access article under the terms of the Creative Commons Attribution License, which permits use, distribution and reproduction in any medium, provided the original work is properly cited.},
	doi = {10.1002/sim.5963},
	issn = {1097-0258},
	journal = {Statistics in Medicine},
	language = {en},
	number = 5,
	pages = {881-899},
	title = {Modeling exposure-lag-response associations with distributed lag non-linear models},
	volume = 33,
	year = 2014
}

@article{Xiao2014,
	author = {Xiao, Yongling and Abrahamowicz, Michal and Moodie, Erica E. M. and Weber, Rainer and Young, James},
	doi = {10.1080/01621459.2013.872650},
	issn = {0162-1459},
	journal = {Journal of the American Statistical Association},
	number = 506,
	pages = {455-464},
	shorttitle = {Flexible Marginal Structural Models for Estimating the Cumulative Effect of a Time-Dependent Treatment on the Hazard},
	title = {Flexible Marginal Structural Models for Estimating the Cumulative Effect of a Time-Dependent Treatment on the Hazard: Reassessing the Cardiovascular Risks of Didanosine Treatment in the {Swiss HIV} Cohort Study},
	url = {http://dx.doi.org/10.1080/01621459.2013.872650},
	volume = 109,
	year = 2014
}

@article{Marra2012,
	author = {Marra, Giampiero and Wood, Simon N.},
	copyright = {© 2012 Board of the Foundation of the Scandinavian Journal of Statistics},
	doi = {10.1111/j.1467-9469.2011.00760.x},
	issn = {1467-9469},
	journal = {Scandinavian Journal of Statistics},
	language = {en},
	number = 1,
	pages = {53-74},
	title = {Coverage Properties of Confidence Intervals for Generalized Additive Model Components},
	volume = 39,
	year = 2012
}

@article{Wood2012,
	author = {Wood, Simon N.},
	doi = {10.1093/biomet/ass048},
	issn = {0006-3444, 1464-3510},
	journal = {Biometrika},
	language = {en},
	pages = {221-228},
	title = {On p-values for smooth components of an extended generalized additive model},
	volume = 100,
	year = 2012
}

@article{Marra2011,
	author = {Marra, Giampiero and Wood, Simon N.},
	doi = {10.1016/j.csda.2011.02.004},
	issn = 01679473,
	journal = {Computational Statistics \& Data Analysis},
	number = 7,
	pages = {2372-2387},
	title = {Practical variable selection for generalized additive models},
	volume = 55,
	year = 2011
}

@article{Eilers1996,
	author = {Eilers, Paul H. C. and Marx, Brian D.},
	doi = {10.1214/ss/1038425655},
	issn = {0883-4237},
	journal = {Statistical Science},
	number = 2,
	pages = {89-121},
	title = {Flexible smoothing with {B}-splines and penalties},
	volume = 11,
	year = 1996
}

@article{Hastie1993,
	author = {Hastie, Trevor and Tibshirani, Robert},
	doi = {10.2307/2345993},
	issn = 00359246,
	journal = {Journal of the Royal Statistical Society. Series B (Methodological)},
	number = 4,
	pages = {757-796},
	title = {Varying-Coefficient Models},
	volume = 55,
	year = 1993
}

@article{Wood2008,
	author = {Wood, Simon N.},
	doi = {10.1111/j.1467-9868.2007.00646.x},
	issn = 13697412,
	journal = {Journal of the Royal Statistical Society: Series B (Statistical Methodology)},
	number = 3,
	pages = {495-518},
	title = {Fast stable direct fitting and smoothness selection for generalized additive models},
	volume = 70,
	year = 2008
}

@misc{Wood2017,
	author = {Wood, Simon N.},
	title = {mgcv: Mixed GAM Computation Vehicle with GCV/AIC/REML smoothness estimation},
	url = {http://cran.r-project.org/web/packages/mgcv/index.html},
	year = 2017
}

@article{Ramsay1988,
	author = {Ramsay, J. O.},
	copyright = {Copyright © 1988 Institute of Mathematical Statistics},
	issn = {0883-4237},
	journal = {Statistical Science},
	number = 4,
	pages = {425-441},
	title = {Monotone Regression Splines in Action},
	url = {http://www.jstor.org/stable/2245395},
	volume = 3,
	year = 1988
}

@article{Wood2015,
	author = {Wood, Simon N. and Goude, Yannig and Shaw, Simon},
	doi = {10.1111/rssc.12068},
	issn = {1467-9876},
	journal = {Journal of the Royal Statistical Society: Series C (Applied Statistics)},
	language = {en},
	number = 1,
	pages = {139-155},
	title = {Generalized additive models for large data sets},
	volume = 64,
	year = 2015
}

@article{Demarqui2008,
	author = {Demarqui, Fabio N. and Loschi, Rosangela H. and Colosimo, Enrico A.},
	doi = {10.1007/s10985-008-9086-0},
	issn = {1380-7870},
	journal = {Lifetime Data Analysis},
	number = 3,
	pages = {333-356},
	title = {Estimating the grid of time-points for the piecewise exponential model},
	volume = 14,
	year = 2008
}
@book{Wood2017,
	address = {Boca Raton},
	edition = {2 Rev ed.},
	title = {Generalized {Additive} {Models}: {An} {Introduction} with {R}},
	isbn = {978-1-4987-2833-1},
	shorttitle = {Generalized {Additive} {Models}},,
	language = {Englisch},
	publisher = {Chapman \& Hall/Crc Texts in Statistical Science},
	author = {Wood, Simon N.},
	month = jun,
	year = {2017}
}

@article{Grambsch1994,
	author = {Grambsch, Patricia M. and Therneau, Terry M.},
	doi = {10.1093/biomet/81.3.515},
	issn = {0006-3444, 1464-3510},
	journal = {Biometrika},
	language = {en},
	number = 3,
	pages = {515-526},
	title = {Proportional hazards tests and diagnostics based on weighted residuals},
	volume = 81,
	year = 1994
}

@article{Wood2012a,
title={Straightforward intermediate rank tensor product smoothing in mixed models},
  author={Wood, Simon N. and Scheipl, Fabian and Faraway, Julian J.},
  journal={Statistics and Computing},
  volume={23},
  number={3},
  pages={341--360},
  year={2013}
}

@book{Boor1978,
	author = {de Boor, Carl},
	isbn = {0-387-90356-9},
	publisher = {Springer-Verlag, New York-Berlin},
	series = {Applied Mathematical Sciences},
	title = {A practical guide to splines},
	volume = 27,
	year = 1978
}

@book{Efron1993,
	address = {New York},
	author = {Efron, Bradley and Tibshirani, R. J.},
	edition = {Softcover reprint of the original 1st ed. 1993},
	isbn = {978-0-412-04231-7},
	language = {Englisch},
	publisher = {Springer},
	title = {An Introduction to the Bootstrap},
	year = 1993
}

@article{Jackson2011,
    title = {Multi-State Models for Panel Data: The {msm} Package for {R}},
    author = {Christopher H. Jackson},
    journal = {Journal of Statistical Software},
    year = {2011},
    volume = {38},
    number = {8},
    pages = {1--29},
}

@book{Team2014,
	address = {Vienna, Austria},
	author = {{R Core Team}},
	publisher = {R Foundation for Statistical Computing},
	title = {R: A Language and Environment for Statistical Computing},
	url = {http://www.R-project.org/},
	year = 2014
}

@article{Bischl2015,
    title = {{BatchJobs} and {BatchExperiments}: Abstraction Mechanisms for Using {R} in Batch Environments},
    author = {Bernd Bischl and Michel Lang and Olaf Mersmann and J{\"o}rg Rahnenf{\"u}hrer and Claus Weihs},
    journal = {Journal of Statistical Software},
    year = {2015},
    volume = {64},
    number = {11},
    pages = {1--25}
  }

@book{Collett2003,
	address = {Boca Raton, Fla},
	author = {Collett, David},
	edition = {2 edition},
	isbn = {978-1-58488-325-8},
	language = {English},
	publisher = {Chapman and Hall/CRC},
	title = {Modelling Survival Data in Medical Research, Second Edition},
	year = 2003
}

@article{Wood2015a,
	author = {Wood, Simon N. and Goude, Yannig and Shaw, Simon},
	copyright = {© 2014 The Authors. Journal of the Royal Statistical Society: Series C Applied Statistics Published by John Wiley \& Sons Ltd on behalf of the Royal Statistical Society., This is an open access article under the terms of the Creative Commons Attribution License, which permits use, distribution and reproduction in any medium, provided the original work is properly cited.},
	doi = {10.1111/rssc.12068},
	issn = {1467-9876},
	journal = {Journal of the Royal Statistical Society: Series C (Applied Statistics)},
	language = {en},
	number = 1,
	pages = {139-155},
	title = {Generalized additive models for large data sets},
	volume = 64,
	year = 2015
}

@article{Wickham2010,
	author = {Wickham, Hadley},
	doi = {10.1198/jcgs.2009.07098},
	issn = {1061-8600},
	journal = {Journal of Computational and Graphical Statistics},
	number = 1,
	pages = {3-28},
	title = {A Layered Grammar of Graphics},
	volume = 19,
	year = 2010
}

@book{Wickham2016a,
	address = {New York, NY},
	author = {Wickham, Hadley},
	edition = {2nd ed. 2016},
	isbn = {978-3-319-24275-0},
	language = {Englisch},
	publisher = {Springer},
	shorttitle = {ggplot2},
	title = {ggplot2: Elegant Graphics for Data Analysis},
	year = 2016
}

@book{Team2016,
	address = {Vienna, Austria},
	author = {{\textsf{R} Core Team}},
	publisher = {\textsf{R} Foundation for Statistical Computing},
	title = {\textsf{R}: A Language and Environment for Statistical Computing},
	url = {https://www.R-project.org/},
	year = 2016
}


@article{Wood2016,
	title = {Generalized additive models for gigadata: modelling the {UK} black smoke network daily data},
	issn = {0162-1459},
	shorttitle = {Generalized additive models for gigadata},
	doi = {10.1080/01621459.2016.1195744},
	urldate = {2017-01-30},
	journal = {Journal of the American Statistical Association},
	author = {Wood, Simon N. and Li, Zheyuan and Shaddick, Gavin and Augustin, Nicole H.},
	month = jun,
	year = {2016},
	pages = {1--40}
}

@article{Signorello2002,
	author = {Signorello, Lisa B. and McLaughlin, Joseph K. and Lipworth, Loren and Friis, S{\o}ren and S{\o}rensen, Henrik Toft and Blot, William J.},
	issn = {1075-2765},
	journal = {American Journal of Therapeutics},
	language = {eng},
	number = 3,
	pages = {199-205},
	title = {Confounding by indication in epidemiologic studies of commonly used analgesics},
	volume = 9,
	year = 2002
}

@book{Crowder2012,
	address = {Hoboken},
	author = {Crowder, Martin J.},
	isbn = {978-1439875216},
	publisher = {CRC Press},
	series = {Chapman \& Hall / CRC Texts in Statistical Science},
	title = {Multivariate Survival Analysis and Competing Risks},
	url = {http://www.gbv.eblib.com/patron/FullRecord.aspx?p=893026},
	year = 2012
}

@article{Sjoding2015,
	author = {Sjoding, Michael W. and Luo, Kaiyi and Miller, Melissa A. and Iwashyna, Theodore J.},
	copyright = {http://creativecommons.org/licenses/by/2.0/},
	doi = {10.1186/s13054-015-0923-8},
	issn = {1364-8535},
	journal = {Critical Care},
	language = {en},
	number = 1,
	pages = 195,
	shorttitle = {When do confounding-by-indication and inadequate risk adjustment bias critical care studies?},
	title = {When do confounding-by-indication and inadequate risk adjustment bias critical care studies? A simulation study},
	url = {http://ccforum.com/content/19/1/195/abstract},
	volume = 19,
	year = 2015
}

@article{Wood2006a,
	author = {Wood, Simon N.},
	doi = {10.1111/j.1541-0420.2006.00574.x},
	issn = {1541-0420},
	journal = {Biometrics},
	language = {en},
	number = 4,
	pages = {1025-1036},
	title = {Low-Rank Scale-Invariant Tensor Product Smooths for Generalized Additive Mixed Models},
	url = {http://onlinelibrary.wiley.com/doi/10.1111/j.1541-0420.2006.00574.x/abstract},
	volume = 62,
	year = 2006
}

@article{Obermeier2015,
	author = {Obermeier, Viola and Scheipl, Fabian and Heumann, Christian and Wassermann, Joachim and K{\"u}chenhoff, Helmut},
	doi = {10.1111/rssc.12077},
	issn = {1467-9876},
	journal = {Journal of the Royal Statistical Society: Series C (Applied Statistics)},
	language = {en},
	number = 2,
	pages = {395-412},
	title = {Flexible distributed lags for modelling earthquake data},
	url = {http://onlinelibrary.wiley.com/doi/10.1111/rssc.12077/abstract},
	volume = 64,
	year = 2015
}


@article{whitehead1980,
	title = {Fitting {Cox}'s {Regression} {Model} to {Survival} {Data} using {GLIM}},
	volume = {29},
	issn = {0035-9254},
	doi = {10.2307/2346901},
	number = {3},
	urldate = {2016-12-12},
	journal = {Journal of the Royal Statistical Society. Series C (Applied Statistics)},
	author = {Whitehead, John},
	year = {1980},
	keywords = {Cox Ties, Peto Ties, piece-wise exponential model, survival analysis},
	pages = {268--275}
}

@article{Whitehead:1980,
	title = {Fitting {Cox}'s {Regression} {Model} to {Survival} {Data} using {GLIM}},
	volume = {29},
	number = {3},
	urldate = {2016-12-12},
	journal = {Journal of the Royal Statistical Society. Series C (Applied Statistics)},
	author = {Whitehead, John},
	year = {1980},
}




@article {Gasparrini2017,
author = {Gasparrini, Antonio and Scheipl, Fabian and Armstrong, Ben and Kenward, Michael G.},
title = {A penalized framework for distributed lag non-linear models},
journal = {Biometrics},
doi = {10.1111/biom.12645},
keywords = {Distributed lag, Exposure-lag-response, Generalized additive models, Latency, Penalized splines},
year = {2017},
note = {in press},
}

@article{dlnm,
    title = {Distributed lag linear and non-linear models in {R}: the package {dlnm}},
    author = {A. Gasparrini},
    journal = {Journal of Statistical Software},
    year = {2011},
    volume = {43},
    number = {8},
    pages = {1--20},
    url = {http://www.jstatsoft.org/v43/i08/},
  }

@article{Argyropoulos2015,
	title = {Analysis of {Time} to {Event} {Outcomes} in {Randomized} {Controlled} {Trials} by {Generalized} {Additive} {Models}},
	volume = {10},
	doi = {10.1371/journal.pone.0123784},
	number = {4},
	urldate = {2015-08-30},
	journal = {PLoS ONE},
	author = {Argyropoulos, Christos and Unruh, Mark L.},
	month = apr,
	year = {2015},
	pages = {e0123784}
}


@article{Rodriguez2013,
	title = {Model building in nonproportional hazard regression},
	volume = {32},
	issn = {1097-0258},
	doi = {10.1002/sim.5961},
	language = {en},
	number = {30},
	urldate = {2017-03-31},
	journal = {Statistics in Medicine},
	author = {Rodr{\'\i}guez-Girondo, Mar and Kneib, Thomas and Cadarso-Su{\'a}rez, Carmen and Abu-Assi, Emad},
	month = dec,
	year = {2013},
	keywords = {boosting, Generalized additive models, Model choice, Penalized likelihood, Piecewise Exponential Model, survival analysis, Variable selection},
	pages = {5301--5314}
}

@article{Sennhenn2016,
	title = {Structured fusion lasso penalized multi-state models},
	issn = {1097-0258},
	doi = {10.1002/sim.7017},
	language = {en},
	urldate = {2016-08-18},
	journal = {Statistics in Medicine},
	author = {Sennhenn-Reulen, Holger and Kneib, Thomas},
	month = jan,
	year = {2016},
	keywords = {cross-transition effects, Multi-state models, Regularization, structured fusion lasso penalty, survival analysis}
}

@article{Thomas2014,
	title = {Tutorial: {Survival} {Estimation} for {Cox} {Regression} {Models} with {Time}-{Varying} {Coeﬃcients} {Using} {SAS} and {R}},
	volume = {61},
	issn = {1548-7660},
	url = {http://www.jstatsoft.org/v61/c01},
	number = {1},
	journal = {Journal of Statistical Software, Code Snippets},
	author = {Thomas, Laine and Reyes, Eric M.},
	year = {2014}
}

@book{Martinussen2006,
	address = {New York, N.Y},
	edition = {Auflage: 2006},
	title = {Dynamic {Regression} {Models} for {Survival} {Data}},
	isbn = {978-0-387-20274-7},
	language = {Englisch},
	publisher = {Springer},
	author = {Martinussen, Torben and Scheike, Thomas H.},
	year = {2006}
}

@book{klein1997,
	address = {New York},
	title = {Survival analysis: {Techniques} for censored and truncated data},
	isbn = {978-0-387-94829-4},
	publisher = {Springer},
	author = {Klein, John P. and Moeschberger, Melvin L.},
	year = {1997}
}


@book{Therneau2001,
	address = {New York},
	edition = {1st ed. 2000. Corr. 2nd printing 2001},
	title = {Modeling {Survival} {Data}: {Extending} the {Cox} {Model}},
	isbn = {978-0-387-98784-2},
	shorttitle = {Modeling {Survival} {Data}},
	language = {Englisch},
	publisher = {Springer},
	author = {Therneau, Terry M. and Grambsch, Patricia M.},
	month = sep,
	year = {2001}
}

@book{Rossi1980,
	title = {Money, work, and crime: experimental evidence},
	isbn = {978-0-12-598240-5},
	shorttitle = {Money, work, and crime},
	language = {en},
	publisher = {Academic Press},
	author = {Rossi, Peter Henry and Berk, Richard A. and Lenihan, Kenneth J.},
	year = {1980}
}


@book{Fox2011,
	address = {Thousand Oaks, Calif},
	edition = {Revised.},
	title = {An {R} {Companion} to {Applied} {Regression}},
	isbn = {978-1-4129-7514-8},
	abstract = {Rev. ed. of: An R and S-Plus companion to applied regression. c2002.},
	language = {Englisch},
	publisher = {Sage Pubn},
	author = {Fox, John and Weisberg, Harvey Sanford},
	month = jan,
	year = {2011}
}


@article{gerds_estimating_2013,
	title = {Estimating a time-dependent concordance index for survival prediction models with covariate dependent censoring},
	volume = {32},
	copyright = {Copyright © 2012 John Wiley \& Sons, Ltd.},
	issn = {1097-0258},
	doi = {10.1002/sim.5681},
	language = {en},
	number = {13},
	urldate = {2014-10-24},
	journal = {Statistics in Medicine},
	author = {Gerds, Thomas A. and Kattan, Michael W. and Schumacher, Martin and Yu, Changhong},
	month = jun,
	year = {2013},
	pages = {2173--2184}
}

@article{Wood2016b,
	title = {Smoothing {Parameter} and {Model} {Selection} for {General} {Smooth} {Models}},
	volume = {111},
	issn = {0162-1459},
	doi = {10.1080/01621459.2016.1180986},
	number = {516},
	urldate = {2017-05-18},
	journal = {Journal of the American Statistical Association},
	author = {Wood, Simon N. and Pya, Natalya and Saefken, Benjamin},
	month = oct,
	year = {2016},
	pages = {1548--1563}
}

@article{Clayton1983,
	title = {Fitting a {General} {Family} of {Failure}-{Time} {Distributions} using {GLIM}},
	volume = {32},
	issn = {0035-9254},
	doi = {10.2307/2347288},
	number = {2},
	urldate = {2017-05-15},
	journal = {Journal of the Royal Statistical Society. Series C (Applied Statistics)},
	author = {Clayton, D. G.},
	year = {1983},
	pages = {102--109}
}

  @Manual{Sylvestre2015,
    title = {WCE: Weighted Cumulative Exposure Models},
    author = {Marie-Pierre Sylvestre and Marie-Eve Beauchamp and Ryan Patrick Kyle and Michal Abrahamowicz},
    year = {2015},
    note = {R package version 1.0},
    url = {https://CRAN.R-project.org/package=WCE},
  }


 @Manual{Frumento2016,
    title = {pch: Piecewise Constant Hazards Models for Censored and Truncated
Data},
    author = {Paolo Frumento},
    year = {2016},
    note = {R package version 1.3},
    url = {https://CRAN.R-project.org/package=pch},
  }


@article{Guo1993,
	title = {Event-{History} {Analysis} for {Left}-{Truncated} {Data}},
	volume = {23},
	issn = {0081-1750},
	doi = {10.2307/271011},
	urldate = {2017-04-28},
	journal = {Sociological Methodology},
	author = {Guo, Guang},
	year = {1993},
	keywords = {left censoring, left truncation, piece-wise exponential model},
	pages = {217--243}
}